<record><leader>00000cas a22000007a 4500</leader><controlfield tag="001">29216966</controlfield><controlfield tag="008">931029d19081920okuwr ne      0    0eng d</controlfield><datafield ind1=" " ind2=" " tag="010"><subfield code="a">sn 93066204 </subfield></datafield><datafield ind1=" " ind2=" " tag="040"><subfield code="a">OBN</subfield><subfield code="b">eng</subfield><subfield code="c">OBN</subfield><subfield code="d">OCLCQ</subfield><subfield code="d">OCLCF</subfield><subfield code="d">OCLCO</subfield></datafield><datafield ind1="1" ind2=" " tag="029"><subfield code="a">AU@</subfield><subfield code="b">000025887896</subfield></datafield><datafield ind1=" " ind2=" " tag="042"><subfield code="a">msc</subfield></datafield><datafield ind1=" " ind2=" " tag="043"><subfield code="a">n-us-ok</subfield></datafield><datafield ind1="0" ind2="4" tag="245"><subfield code="a">The Walter new era.</subfield></datafield><datafield ind1=" " ind2=" " tag="260"><subfield code="a">Walter, Comanche County, Okla. :</subfield><subfield code="b">R.W. Harmon</subfield></datafield><datafield ind1=" " ind2=" " tag="300"><subfield code="a">v.</subfield></datafield><datafield ind1=" " ind2=" " tag="310"><subfield code="a">Weekly</subfield></datafield><datafield ind1="0" ind2=" " tag="362"><subfield code="a">Vol. 8, no. 18 (Dec. 24, 1908)-v. 19, no. 34 (Apr. 8, 1920).</subfield></datafield><datafield ind1=" " ind2="0" tag="651"><subfield code="a">Walters (Okla.)</subfield><subfield code="v">Newspapers.</subfield></datafield><datafield ind1=" " ind2="0" tag="651"><subfield code="a">Cotton County (Okla.)</subfield><subfield code="v">Newspapers.</subfield></datafield><datafield ind1=" " ind2="7" tag="655"><subfield code="a">Newspapers.</subfield><subfield code="2">fast</subfield><subfield code="0">(OCoLC)fst01423814</subfield></datafield><datafield ind1=" " ind2="7" tag="651"><subfield code="a">Oklahoma</subfield><subfield code="z">Cotton County.</subfield><subfield code="2">fast</subfield><subfield code="0">(OCoLC)fst01208357</subfield></datafield><datafield ind1=" " ind2="7" tag="651"><subfield code="a">Oklahoma</subfield><subfield code="z">Walters.</subfield><subfield code="2">fast</subfield><subfield code="0">(OCoLC)fst01228494</subfield></datafield><datafield ind1=" " ind2=" " tag="752"><subfield code="a">United States</subfield><subfield code="b">Oklahoma</subfield><subfield code="c">Cotton</subfield><subfield code="d">Walters.</subfield></datafield><datafield ind1="0" ind2="0" tag="780"><subfield code="t">New era (Walters, Okla. : 1904)</subfield><subfield code="w">(DLC)sn 93066203</subfield><subfield code="w">(OCoLC)29216417</subfield></datafield><datafield ind1="0" ind2="7" tag="785"><subfield code="t">Cotton County democrat</subfield><subfield code="w">(DLC)sn 93066206</subfield><subfield code="w">(OCoLC)29217302</subfield></datafield><datafield ind1="0" ind2="7" tag="785"><subfield code="t">Cotton County enterprise</subfield><subfield code="w">(DLC)sn 86064121</subfield><subfield code="w">(OCoLC)13621446</subfield></datafield></record>